<?xml version="1.0" encoding="utf-8"?>
<collection xmlns="http://www.loc.gov/MARC21/slim" xmlns:xsi="http://www.w3.org/2001/XMLSchema-instance" xsi:schemaLocation="http://www.loc.gov/MARC21/slim http://www.loc.gov/standards/marcxml/schema/MARC21slim.xsd">
<record type="Bibliographic">
<leader>     cam a2200385Ia 4500</leader>
<controlfield tag="001">DUKE003270672</controlfield>
<controlfield tag="003">OCoLC</controlfield>
<controlfield tag="005">20031213083058.0</controlfield>
<controlfield tag="006">m^^^^^^^^d^f^^^^^^</controlfield>
<controlfield tag="006">s^x^d^^^^^^f0^^^^2</controlfield>
<controlfield tag="008">950908muuuu9999lau^^^^^s^^^^f000^0^eng^d</controlfield>
<datafield tag="035" ind1=" " ind2=" ">
 <subfield code="a">33105290</subfield>
</datafield>
<datafield tag="040" ind1=" " ind2=" ">
 <subfield code="a">FZU</subfield>
 <subfield code="c">FZU</subfield>
 <subfield code="d">AGL</subfield>
 <subfield code="d">OCL</subfield>
 <subfield code="d">AGL</subfield>
 <subfield code="d">OCL</subfield>
 <subfield code="d">OCLCQ</subfield>
 <subfield code="d">AGL</subfield>
 <subfield code="d">OCLCQ</subfield>
 <subfield code="d">GPO</subfield>
 <subfield code="d">MvI</subfield>
</datafield>
<datafield tag="049" ind1=" " ind2=" ">
 <subfield code="a">NDHS</subfield>
</datafield>
<datafield tag="074" ind1=" " ind2=" ">
 <subfield code="a">0121-G-06 (online)</subfield>
</datafield>
<datafield tag="086" ind1="0" ind2=" ">
 <subfield code="a">A 57.80:2004006776</subfield>
</datafield>
<datafield tag="090" ind1=" " ind2=" ">
 <subfield code="a">QK96</subfield>
 <subfield code="b">.P64 1995</subfield>
</datafield>
<datafield tag="092" ind1=" " ind2=" ">
 <subfield code="a">x</subfield>
</datafield>
<datafield tag="099" ind1=" " ind2=" ">
 <subfield code="a">A 57.80:2004006776</subfield>
</datafield>
<datafield tag="245" ind1="0" ind2="0">
 <subfield code="a">Plants database</subfield>
 <subfield code="h">[electronic resource] /</subfield>
 <subfield code="c">USDA, Natural Resources Conservation Service.</subfield>
</datafield>
<datafield tag="246" ind1="3" ind2=" ">
 <subfield code="a">Plant list of accepted nomenclature, taxonomy &amp; symbols</subfield>
</datafield>
<datafield tag="260" ind1=" " ind2=" ">
 <subfield code="a">[Baton Rouge, LA] :</subfield>
 <subfield code="b">USDA Natural Resources Conservation Service</subfield>
</datafield>
<datafield tag="310" ind1=" " ind2=" ">
 <subfield code="a">Updated irregular</subfield>
</datafield>
<datafield tag="500" ind1=" " ind2=" ">
 <subfield code="a">Title from home page last updated Dec. 8, 2003 (viewed on Dec. 13, 2003).</subfield>
</datafield>
<datafield tag="524" ind1=" " ind2=" ">
 <subfield code="a">USDA, NRCS. 2002. The PLANTS Database, Version 3.5 (http://plants.usda.gov). National Plant Data Center, Baton Rouge, LA 70874-4490 USA.</subfield>
</datafield>
<datafield tag="538" ind1=" " ind2=" ">
 <subfield code="a">Mode of access: Internet at the USDA web site. Address as of 12/13/03: http://plants.usda.gov; current access available via PURL.</subfield>
</datafield>
<datafield tag="540" ind1=" " ind2=" ">
 <subfield code="3">Vascular plant data</subfield>
 <subfield code="a">Portion of data provided by John Kartesz and copyrighted.</subfield>
 <subfield code="b">John Kartesz, Biota of North America Program (BONAP).</subfield>
</datafield>
<datafield tag="580" ind1=" " ind2=" ">
 <subfield code="a">Replaces the National List of Scientific Plant Names (USDA, SCS 1982).</subfield>
</datafield>
<datafield tag="650" ind1=" " ind2="0">
 <subfield code="a">PLANTS (Information retrieval system)</subfield>
 <subfield code="v">Handbooks, manuals, etc.</subfield>
</datafield>
<datafield tag="650" ind1=" " ind2="0">
 <subfield code="a">Information storage and retrieval systems</subfield>
 <subfield code="x">Botany</subfield>
 <subfield code="v">Handbooks, manuals, etc.</subfield>
</datafield>
<datafield tag="650" ind1=" " ind2="0">
 <subfield code="a">Plants</subfield>
 <subfield code="x">Nomenclature</subfield>
 <subfield code="x">Databases</subfield>
 <subfield code="v">Handbooks, manuals, etc.</subfield>
</datafield>
<datafield tag="650" ind1=" " ind2="0">
 <subfield code="a">Plants</subfield>
 <subfield code="x">Classification</subfield>
 <subfield code="x">Databases</subfield>
 <subfield code="v">Handbooks, manuals, etc.</subfield>
</datafield>
<datafield tag="710" ind1="2" ind2=" ">
 <subfield code="a">National Plant Data Center (U.S.)</subfield>
</datafield>
<datafield tag="710" ind1="1" ind2=" ">
 <subfield code="a">United States.</subfield>
 <subfield code="b">Department of Agriculture.</subfield>
 <subfield code="b">Information Resources Management Division.</subfield>
</datafield>
<datafield tag="856" ind1="4" ind2="0">
 <subfield code="u">http://purl.access.gpo.gov/GPO/LPS40370</subfield>
</datafield>
<datafield tag="942" ind1=" " ind2=" ">
 <subfield code="a">AM</subfield>
 <subfield code="b">Book</subfield>
</datafield>
<datafield tag="852" ind1=" " ind2=" ">
 <subfield code="b">PERKN</subfield>
 <subfield code="c">PEI</subfield>
 <subfield code="A">Available at: http://purl.access.gpo.gov/GPO/LPS40370</subfield>
 <subfield code="D">x</subfield>
</datafield>
<datafield tag="852" ind1=" " ind2=" ">
 <subfield code="b">PERKN</subfield>
 <subfield code="c">PEI</subfield>
 <subfield code="A">Available at: http://plants.usda.gov</subfield>
 <subfield code="D">x</subfield>
</datafield>
<datafield tag="940" ind1=" " ind2=" ">
 <subfield code="b">PERKN</subfield>
 <subfield code="c">PEI</subfield>
 <subfield code="o">04</subfield>
 <subfield code="r">ITNET</subfield>
 <subfield code="w">0</subfield>
</datafield>
</record>
</collection>